@Book{pierce02:_types_progr_languag,
  author =    {Benjamin C. Pierce},
  title =        {Types and Programming Languages},
  publisher =    {MIT Press},
  year =         2002,
  address =   {Cambridge, Massachusetts}}



@Book{taivalsaari93:_critic_view_inher_reusab_objec_progr,
  author =    {Antero Taivalsaari},
  title =        {A Critical View of Inheritance and Reusability in
                  Object-oriented Programming},
  publisher =    {University of Jyv채skyl채},
  year =         1993,
  number =    23,
  series =    {Jyv채skyl채 Studies in Computer Science, Economics and
                  Statistics}}
