@manual{biblatex-manual,
  author   = {Philipp Lehman and others},
  title    = {The {biblatex} Package},
  subtitle = {Programmable Bibliographies and Citations},
  date     = {2012-08},
  version  = {2.2},
  url      = {http://mirror.ctan.org/macros/latex/contrib/biblatex/doc/biblatex.pdf}
}

@manual{biblatex-chicago-manual,
  author   = {David Fussner},
  title    = {The {biblatex-chicago} package},
  subtitle = {Style files for {biblatex}},
  date     = {2012-07-30},
  version  = {0.9.9a},
  url      = {http://mirror.ctan.org/macros/latex/contrib/biblatex/doc/biblatex.pdf}
}

@Book{lamport94:_latex,
  author =    {Leslie Lamport},
  title =        {{\LaTeX}},
  indexsorttitle = {LaTeX},
  subtitle =     {A Document Preparation System},
  publisher =    {Addison--Wesley},
  year =         1994,
  edition =      2,
  address =   {Reading, MA}}

@Book{kaijanaho03:_latex_ams_latex,
  author =    {Antti-Juhani Kaijanaho},
  title =        {{\LaTeX} ja {\AmS-\LaTeX}},
  indexsorttitle = {LaTeX ja AMS-LaTeX},
  subtitle =     {Opus asiatekstin ladonnasta},
  publisher =    {Jyväskylän yliopiston ATK-keskus},
  year =         2003,
  number =    43,
  series =    {Käyttäjän opas},
  edition =   2}

@Manual{oetiker:_pitka_latex,
  title =        {Pitkänpuoleinen johdanto {\LaTeXe}:n käyttöön},
  subtitle =     {Eli opi {\LaTeXe} 133 minuutissa},
  author =    {Tobias Oetiker and others},
  translator =   {Timo Hellgren},
  version =      {4.17fi},
  url =          {http://www.ctan.org/pkg/lshort-finnish},
  date =         {2005-10}
}

@Book{knuth86:_texbook,
  author =    {Donald E. Knuth},
  title =        {The {\TeX}book},
  indexsorttitle = {The TeXbook},
  publisher =    {Addison Wesley},
  year =         1986,
  address =   {Reading, MA}}

